
@article{patel2016,
  title={Internet of things-IOT: definition, characteristics, architecture, enabling technologies, application \& future challenges},
  author={Patel, Keyur K and Patel, Sunil M and others},
  journal={International journal of engineering science and computing},
  volume={6},
  number={5},
  year={2016}
}

@article{madakam2015,
  author = {Madakam, Somayya and Ramaswamy, R and Tripathi, Siddharth},
  year = {2015},
  month = {04},
  pages = {164-173},
  title = {Internet of Things (IoT): A Literature Review},
  volume = {3},
  journal = {Journal of Computer and Communications},
  doi = {10.4236/jcc.2015.35021}
}

@article{ashton2009,
  title={That ‘internet of things’ thing},
  author={Ashton, Kevin and others},
  journal={RFID journal},
  volume={22},
  number={7},
  pages={97--114},
  year={2009}
}

@inproceedings{bonomi2012,
  title={Fog computing and its role in the internet of things},
  author={Bonomi, Flavio and Milito, Rodolfo and Zhu, Jiang and Addepalli, Sateesh},
  booktitle={Proceedings of the first edition of the MCC workshop on Mobile cloud computing},
  pages={13--16},
  year={2012}
}

@article{OpenFog2017,
  title={OpenFog Reference Architecture for Fog Computing},
  author={The OpenFog Consortium Architecture Working Group},
  year={2017}
}

@article{de2019,
  title={Foundations and evolution of modern computing paradigms: Cloud, iot, edge, and fog},
  author={De Donno, Michele and Tange, Koen and Dragoni, Nicola},
  journal={Ieee Access},
  volume={7},
  pages={150936--150948},
  year={2019},
  publisher={IEEE}
}
